@article{nielsen2001quantum,
  title={Quantum computation and quantum information},
  author={Nielsen, Michael A and Chuang, Isaac L},
  journal={Phys. Today},
  volume={54},
  pages={60--2},
  year={2001}
}

@article{feynman1982simulating,
  title={Simulating Physics with Computers},
  author={Feynman, Richard P},
  journal={International Journal of Theoretical Physics},
  volume={21},
  number={6/7},
  year={1982}
}

@article{deutsch1985quantum,
  title={Quantum theory, the Church--Turing principle and the universal quantum computer},
  author={Deutsch, David},
  journal={Proceedings of the Royal Society of London. A. Mathematical and Physical Sciences},
  volume={400},
  number={1818},
  pages={97--117},
  year={1985},
  publisher={The Royal Society London}
}

@article{deutsch1992rapid,
  title={Rapid solution of problems by quantum computation},
  author={Deutsch, David and Jozsa, Richard},
  journal={Proceedings of the Royal Society of London. Series A: Mathematical and Physical Sciences},
  volume={439},
  number={1907},
  pages={553--558},
  year={1992},
  publisher={The Royal Society London}
}

@inproceedings{shor1994algorithms,
  title={Algorithms for quantum computation: discrete logarithms and factoring},
  author={Shor, Peter W},
  booktitle={Proceedings 35th annual symposium on foundations of computer science},
  pages={124--134},
  year={1994},
  organization={Ieee}
}

@article{arute2019quantum,
  title={Quantum supremacy using a programmable superconducting processor},
  author={Arute, Frank and Arya, Kunal and Babbush, Ryan and Bacon, Dave and Bardin, Joseph C and Barends, Rami and Biswas, Rupak and Boixo, Sergio and Brandao, Fernando GSL and Buell, David A and others},
  journal={Nature},
  volume={574},
  number={7779},
  pages={505--510},
  year={2019},
  publisher={Nature Publishing Group}
}

@article{usaolaquantum,
  title={Quantum Software Testing},
  author={Usaola, Macario Polo},
  journal={CEUR-WS.org},
  year={2020}  
}

@article{jones1998implementation,
  title={Implementation of a quantum search algorithm on a quantum computer},
  author={Jones, Jonathan A and Mosca, Michele and Hansen, Rasmus H},
  journal={Nature},
  volume={393},
  number={6683},
  pages={344--346},
  year={1998},
  publisher={Nature Publishing Group}
}

@article{haffner2005scalable,
  title={Scalable multiparticle entanglement of trapped ions},
  author={H{\"a}ffner, Hartmut and H{\"a}nsel, Wolfgang and Roos, CF and Benhelm, Jan and Chwalla, Michael and K{\"o}rber, Timo and Rapol, UD and Riebe, Mark and Schmidt, PO and Becher, Christoph and others},
  journal={Nature},
  volume={438},
  number={7068},
  pages={643--646},
  year={2005},
  publisher={Nature Publishing Group}
}

@book{dijkstra1972chapter,
  title={Chapter I: Notes on structured programming},
  author={Dijkstra, Edsger W},
  year={1972},
  publisher={Academic Press Ltd.}
}

@book{ammann2016introduction,
  title={Introduction to software testing},
  author={Ammann, Paul and Offutt, Jeff},
  year={2016},
  publisher={Cambridge University Press}
}

@article{lipton1971fault,
  title={Fault diagnosis of computer programs. Student Report},
  author={Lipton, Richard},
  journal={Carnegie Mellon University},
  volume={2},
  pages={2},
  year={1971}
}

@article{demillo1978hints,
  title={Hints on test data selection: Help for the practicing programmer},
  author={DeMillo, Richard A and Lipton, Richard J and Sayward, Frederick G},
  journal={Computer},
  volume={11},
  number={4},
  pages={34--41},
  year={1978},
  publisher={IEEE}
}

@article{offutt1992investigations,
  title={Investigations of the software testing coupling effect},
  author={Offutt, A Jefferson},
  journal={ACM Transactions on Software Engineering and Methodology (TOSEM)},
  volume={1},
  number={1},
  pages={5--20},
  year={1992},
  publisher={ACM New York, NY, USA}
}

@article{bennett1987quantum,
  title={Quantum public key distribution reinvented},
  author={Bennett, Charles H and Brassard, Gilles},
  journal={ACM SIGACT News},
  volume={18},
  number={4},
  pages={51--53},
  year={1987},
  publisher={ACM New York, NY, USA}
}

@article{bernstein1997quantum,
  title={Quantum complexity theory},
  author={Bernstein, Ethan and Vazirani, Umesh},
  journal={SIAM Journal on computing},
  volume={26},
  number={5},
  pages={1411--1473},
  year={1997},
  publisher={SIAM}
}

@article{rieffel2000introduction,
  title={An introduction to quantum computing for non-physicists},
  author={Rieffel, Eleanor and Polak, Wolfgang},
  journal={ACM Computing Surveys (CSUR)},
  volume={32},
  number={3},
  pages={300--335},
  year={2000},
  publisher={ACM New York, NY, USA}
}

@misc{quantumcountry,
  author = {Andy Matuschak and Michael A. Nielsen},
  title = {Quantum Computing for the Very Curious},
  howpublished = {\url{https://quantum.country/qcvc}},
  year = {2019}
}

@misc{hierons2010mutation,
  title={Mutation Testing.},
  author={Hierons, Robert M and Merayo, Mercedes G and N{\'u}{\~n}ez, Manuel},
  year={2010}
}